@article{bekavac2015web,
  title={Web analytics tools and web metrics tools: An overview and comparative analysis},
  author={Bekavac, Ivan and Garbin Prani{\v{c}}evi{\'c}, Daniela},
  journal={Croatian Operational Research Review},
  volume={6},
  number={2},
  pages={373--386},
  year={2015},
  publisher={Hrvatsko dru{\v{s}}tvo za operacijska istra{\v{z}}ivanja}
}

@incollection{EControlling,
  title={E-Controlling--Erfolgskontrolle im Netz},
  author={Kraehe, Thomas},
  booktitle={Websites optimieren-Das Handbuch},
  pages={385--439},
  year={2015},
  publisher={Springer}
}

@book{EcommerceUndDatenschutz,
  title={E-Commerce und Datenschutzrecht im Konflikt: HMD Best Paper Award 2015},
  author={Lotz, Patricia},
  year={2016},
  publisher={Springer}
}

@book{Webanalytics20,
  title={Web analytics 2.0: The art of online accountability and science of customer centricity},
  author={Kaushik, Avinash},
  year={2009},
  publisher={John Wiley \& Sons}
}

@book{AnalyticsForDummies,
  title={Web Analytics for dummies},
  author={Sostre, Pedro and LeClaire, Jennifer},
  year={2007},
  publisher={John Wiley \& Sons}
}

@book{hassler2008webanalytics,
  title={Web analytics},
  author={Hassler, Marco},
  year={2008},
  publisher={REDLINE}
}

@article{nakatani2011toolselectionmethod,
  title={A web analytics tool selection method: an analytical hierarchy process approach},
  author={Nakatani, Kazuo and Chuang, Ta-Tao},
  journal={Internet Research},
  year={2011},
  publisher={Emerald Group Publishing Limited}
}

@ARTICLE{softwareProcurementEvaluationTable, 
author={N. A. {Maiden} and C. {Ncube}}, 
journal={IEEE Software}, 
title={Acquiring COTS software selection requirements}, 
year={1998}, 
volume={15}, 
number={2}, 
pages={46-56},
} 

@ARTICLE{SoftwareEvaluationList, 
author={Diane Belyk and David Feist}, 
publisher={Athabasca University}, 
title={Software evaluation criteria and terminology}, 
year={2002}, 

} 

@ARTICLE{SDSG,
author="{Die Bundesversammlung der Schweizerischen Eidgenossenschaft}", 
title={Bundesgesetz über den Datenschutz}, 
year={2014},
publisher={Schweizer Bundesrat}
}
@ARTICLE{DSSGBERN,
author="{Der Grosse Rat des Kontons Bern}", 
title={Gesetz
über die Information und den Datenschutz }, 
year={2018},
publisher={Regierungsrat Bern}
}

@ARTICLE{DSSGAARGAU,
author="{Der Grosse Rat des Kantons Aargau}", 
title={Gesetz
über die Information und den Datenschutz }, 
year={2018},
publisher={Regierungsrat Aargau}
}

@ARTICLE{DSSGBL,
author="{Der Landrat des Kantons Basel-Landschaft}", 
title={Gesetz
über die Information und den Datenschutz}, 
year={2018},
publisher={Regierungsrat Basel-Landschaft}
}

@ARTICLE{DSSGBL,
author="{Der Landrat des Kantons Basel-Landschaft}", 
title={Gesetz
über die Information und den Datenschutz}, 
year={2018},
publisher={Regierungsrat Basel-Landschaft}
}
@ARTICLE{DSSGBS,
author="{Der Grosse Rat des Kantons Basel-Stadt}", 
title={Gesetz
über die Information und den Datenschutz}, 
year={2018},
publisher={Regierungsrat Basel-Stadt}
}

@ARTICLE{DSSGFR,
author="{Der Grosse Rat des Kantons Freiburg}", 
title={Gesetz über den Datenschutz}, 
year={2018},
publisher={Regierungsrat Freiburg}
}

@ARTICLE{DSSGAARh,
author="{Der Kantonsrat des Kantons Appenzell A.Rh.}", 
title={Gesetz über den Datenschutz}, 
year={2018},
publisher={Regierungsrat Appenzell A.Rh}
}

@ARTICLE{DSSGGL,
author="{Landsgemeinde Glarus}", 
title={Gesetz über den Schutz von Personendaten *}, 
year={2016},
publisher={Regierungsrat Glarus}
}

@ARTICLE{DSSGGR,
author="{Landsgemeinde Graubünden}", 
title={Kantonales Datenschutzgesetz}, 
year={2018},
publisher={Regierungsrat Graubünden}
}
@ARTICLE{DSSGNE,
author="{Le Grand Conseil de la République et Canton de Neuchâtel}", 
title={Loi
sur la protection des données (LCPD)}, 
year={2008},
publisher={Le Grand Conseil de la République et Canton de Neuchâtel}
}

@ARTICLE{JURAAbkommenNE,
author="{Commision cantonale de la protection des données a caractère personell}", 
title={Rapport au Parlement jurassien pour l'année 2012}, 
year={2012},
publisher={Republique et canton du Jura},
url={https://www.jura.ch/Htdocs/Files/v/13050.pdf/Justice/1Instancesjudiciaires/2TC/CPD/2012.pdf?download=1}
}

@ARTICLE{DSSGAIRh,
author="{Die Landsgemeinde des Kantons Appenzell I.Rh.}", 
title={Datenschutz-, Informations- und Archivgesetz
(DIAG)}, 
year={2018},
publisher={Regierungsrat Appenzell A.Rh}
}

@ARTICLE{DSSGNW,
author="{Der Landrat von Nidwalden}", 
title={Gesetz über den Datenschutz (Kantonales Datenschutzgesetz, kDSG)}, 
year={2008},
publisher={Regierungsrat Nidwalden}
}

@ARTICLE{DSSGOW,
author="{Der Kantonsrat des Kantons Obwalden}", 
title={Gesetz
über den Datenschutz}, 
year={2008},
publisher={Regierungsrat Obwalden}
}

@ARTICLE{DSSGSH,
author="{Der Grosse Rat des Kantons Schaffhausen}", 
title={Gesetz
über den Schutz von Personendaten
(Kantonales Datenschutzgesetz)}, 
year={1994},
publisher={Regierungsrat Schaffhausen}
}

@ARTICLE{DSSGSZ,
author="{Der Kantonsrat des Kantons Schwyz}", 
title={Gesetz über die Öffentlichkeit der Verwaltung und den Datenschutz}, 
year={2007},
publisher={Regierungsrat Schwyz}
}

@ARTICLE{DSSGSO,
author="{Der Kantonsrat von Solothurn}", 
title={Informations- und Datenschutzgesetz}, 
year={2008},
publisher={Regierungsrat Solothurn}
}

@ARTICLE{DSSGSG,
author="{Der Kantonsrat des Kantons St.Gallen}", 
title={Datenschutzgesetz}, 
year={2019},
publisher={Regierungsrat St. Gallen}
}

@ARTICLE{DSSGTG,
author="{Der Kantonsrat von Turgau}", 
title={Gesetz über den Datenschutz}, 
year={2012},
publisher={Regierungsrat Turgau}
}

@ARTICLE{DSSGUR,
author="{Das Volk des Kantons Uri}", 
title={GESETZ
über den Schutz von Personendaten (Datenschutzgesetz, DSG)}, 
year={2008},
publisher={Regierungsrat Uri}
}

@ARTICLE{DSSGVS,
author="{Der Grosse Rat des Kantons Wallis }", 
title={SGS 170.2 - Gesetz über die Information der Öffentlichkeit, den Datenschutz und die Archivierung (GIDA) }, 
year={2011},
publisher={Regierungsrat Wallis}
}

@ARTICLE{DSSGZG,
author="{Der Kantonsrat des Kantons Zug}", 
title={Datenschutzgesetz}, 
year={2014},
publisher={Regierungsrat Zug}
}

@ARTICLE{DSSGZH,
author="{Der Kantonsrat des Kantons Zürich}", 
title={Gesetz
über die Information und den Datenschutz (IDG)}, 
year={2007},
publisher={Regierungsrat Zürich}
}

@ARTICLE{DSSGVD,
author="{LE GRAND CONSEIL DU CANTON DE VAUD}", 
title={LOI sur la protection des données personnelles}, 
year={2007},
publisher={Regierungsrat Waadt}
}
@ARTICLE{DSSGTI,
author="{ IL GRAN CONSIGLIO
DELLA REPUBBLICA E CANTONE TICINO}", 
title={ Legge
sulla protezione dei dati personali
(LPDP)}, 
year={1995)},
publisher={Regierungsrat Tessin},
url={https://m3.ti.ch/CAN/RLeggi/public/index.php/raccolta-leggi/legge/vid/18}

}
@ARTICLE{DSSGGE,
author="{Le CONSEIL D’ÉTAT de la République et canton de Genève}", 
title={Règlement d'application de la loi sur l'information du public, l'accès aux documents et la protection des données personnelles
(RIPAD)}, 
year={2012},
publisher={Le CONSEIL D’ÉTAT de la République et canton de Genève},
url={https://www.ge.ch/legislation/rsg/f/rsg_a2_08p01.html}
}

@ARTICLE{iweb2019revue,
author="{Innovative Web AG}", 
title={REVUE i-web}, 
year={2019},
publisher={Innovative Web AG}, 
url={https://www.i-web.ch/de/aktuelles/revue/}
}

@ARTICLE{iweb2018revue,
author="{Innovative Web AG}", 
title={REVUE i-web}, 
year={2018},
publisher={Innovative Web AG}, 
url={https://www.i-web.ch/de/aktuelles/revue/}
}

@ARTICLE{iweb2017revue,
author="{Innovative Web AG}", 
title={REVUE i-web}, 
year={2017},
publisher={Innovative Web AG}, 
url={https://www.i-web.ch/de/aktuelles/revue/}
}

@ARTICLE{iweb2016revue,
author="{Innovative Web AG}", 
title={REVUE i-web}, 
year={2016},
publisher={Innovative Web AG}, 
url={https://www.i-web.ch/de/aktuelles/revue/}
}

@ARTICLE{iweb2015revue,
author="{Innovative Web AG}", 
title={REVUE i-web}, 
year={2015},
publisher={Innovative Web AG}, 
url={https://www.i-web.ch/de/aktuelles/revue/}
}

@article{waisberg2009webShort,
  title={Web Analytics 2.0: empowering customer centricity},
  author={Waisberg, Daniel and Kaushik, Avinash},
  journal={The original Search Engine Marketing Journal},
  volume={2},
  number={1},
  pages={5--11},
  year={2009},
  publisher={Citeseer}
}

@online{iwebwebsiteCMS,
  author = "{Innovative Web AG}",
  title = {i-CMS Grundlagen},
  year = 2020,
  url = {https://www.i-web.ch/de/produkte/icms/icmsgrundlagen/},
  urldate = {2020-04-30}
}

@online{iwebwebsiteKanotonWeb,
  author = "{Innovative Web AG}",
  title = {i-CMS Grundlagen},
  year = 2020,
  url = {https://www.i-web.ch/de/produkte/kantone/kantoneweb/},
  urldate = {2020-04-30}
}

@online{iwebwebsiteGemeindeWeb,
  author = "{Innovative Web AG}",
  title = {i-CMS Grundlagen},
  year = 2020,
  url = {https://www.i-web.ch/de/produkte/gemeinden/gemeindenweb/},
  urldate = {2020-04-30}
}

@online{webseiteKantonUri,
  author = "{Kanton Uri}",
  title = {Kebseite des Kanton Uri},
  year = 2020,
  url = {https://www.ur.ch/},
  urldate = {2020-04-30}
}



@online{datanyzeSwitzerlandWebanalytics,
  author = {Datanyze},
  title = {Web Analytics Tools Marketshare - Switzerland},
  year = 2020,
  url = {https://www.datanyze.com/market-share/web-analytics--1/Switzerland},
  urldate = {2020-04-30}
}
@online{datanyzeFAQ,
  author = {Datanyze},
  title = {Datanyze FAQ},
  year = 2020,
  url = {https://www.datanyze.com/faq},
  urldate = {2020-04-30}
}